@article{SPJ,
    author  = "Simon P. Jones and Jean-Marc Eber and Julian Seward",
    title   = "Composing {C}ontracts: {A}n {A}dventure in {F}inancial {E}ngineering",
    year    = "2000",
    journal = "ACM SIG-PLAN Notices",
    volume  = "35",
    number  = "9",
    pages   = "280--292",
    note    = {\url{https://www.cs.tufts.edu/~nr/cs257/archive/simon-peyton-jones/contracts.pdf} (Accessed: 13-01-2019)}
}

@article{flint,
    author  = "Franklin Schrans and Susan Eisenbach and Sophia Drossopoulou",
    title   = "Writing safe smart contracts in {F}lint",
    year    = "2018",
    journal = "Programming'18 Companion",
    pages   = "218--219",
    note    = {\url{https://dl.acm.org/citation.cfm?doid=3191697.3213790} (Accessed: 15-06-2019)}
}

@article{EthSec,
    title           = "Making {S}mart {C}ontracts {S}marter",
    author          = "Loi Luu and Duc-Hiep Chu and Hrishi Olickel and Prateek Saxena and Aquinas Hobor",
    year            = "2016",
    journal         = "ACM CCS 2016",
    pages           = "254--269",
    note            = {\url{https://eprint.iacr.org/2016/633} (Accessed: 15-01-2019)}
}

@misc{Eth,
    author          = "Ethereum Foundation",
    title           = "What is {E}thereum? - {E}thereum {H}omestead 0.1 documentation",
    howpublished    = {\url{http://www.ethdocs.org/en/latest/introduction/what-is-ethereum.html}},
    note            = {(Accessed: 13-01-2019)}
}

@misc{EthLib,
    author          = "Ethereum Foundation",
    title           = "Contracts - {S}olidity 0.4.24 documentation",
    howpublished    = {\url{https://solidity.readthedocs.io/en/v0.4.24/contracts.html}},
    note            = {(Accessed: 13-01-2019)}
}

@misc{EthProxLib,
    title           = "Proxy {L}ibraries in {S}olidity",
    author          = "Manuel Araoz",
    howpublished    = {\url{https://blog.zeppelin.solutions/proxy-libraries-in-solidity-79fbe4b970fd}},
    note            = {(Accessed: 13-01-2019)}
}

@misc{EthPM,
    author          = "Coinmonks and G Nicholas D'Andrea",
    title           = "Eth{PM}: {R}eusable smart contract packages",
    howpublished    = {\url{https://medium.com/coinmonks/ethpm-smart-contract-packages-for-developers-81c77481c491}},
    note            = {(Accessed: 13-01-2019)}
}

@misc{Ewasm,
    author          = "Ethereum Foundation",
    title           = "Ethereum flavored {W}eb{A}ssembly (ewasm)",
    howpublished    = {\url{https://github.com/ewasm/design}},
    note            = {(Accessed: 14-01-2019)}
}

@misc{Bitc,
    title           = "Bitcoin: A {P}eer-to-{P}eer {E}lectronic {C}ash {S}ystem",
    author          = "Satoshi Nakamoto",
    howpublished    = {\url{https://bitcoin.org/bitcoin.pdf}},
    note            = {(Accessed: 15-01-2019)}
}

@misc{Geth,
    author          = "Ethereum Foundation",
    title           = "Go-{E}thereum {W}iki",
    howpublished    = {\url{https://github.com/ethereum/go-ethereum/wiki/Private-network}},
    note            = {(Accessed: 15-01-2019)}
}

@misc{Truffle,
    author          = "ConsenSys",
    title           = "Truffle {O}verview",
    howpublished    = {\url{https://truffleframework.com/docs/truffle/overview}},
    note            = {(Accessed: 15-01-2019)}
}

@misc{DHC,
    author          = "DFINITY",
    title           = "Dfinity {H}askell {C}ompiler",
    howpublished    = {\url{https://github.com/dfinity/dhc}},
    note            = {(Accessed: 21-01-2019)}
}

@misc{ASTR,
    author          = "Tweag I/O",
    title           = "Asterius: {A} {H}askell to {W}eb{A}ssembly {C}ompiler",
    howpublished    = {\url{https://github.com/tweag/asterius}},
    note            = {(Accessed: 21-01-2019)}
}

@misc{SCWASM,
    author          = "Valérian Rousset",
    title           = "Web{A}ssembly for {S}cala",
    howpublished    = {\url{https://github.com/tharvik/wasm}},
    note            = {(Accessed: 21-01-2019)}
}

@misc{AWASM,
    author          = "Steve Akinyemi",
    title           = "Awesome {W}eb{A}ssembly {L}anguages",
    howpublished    = {\url{https://github.com/appcypher/awesome-wasm-langs}},
    note            = {(Accessed: 21-01-2019)}
}

@misc{FASEVM,
    author          = "Jordan Earls",
    title           = "The {F}aults and {S}hortcomings of the {EVM}",
    howpublished    = {\url{https://medium.com/@earlz/the-faults-and-shortcomings-of-the-evm-bde4d09b8b6a}},
    note            = {(Accessed: 21-01-2019)}
}

@misc{W3CMEM,
    author          = "W3C",
    title           = "Current {M}embers - {W3C}",
    howpublished    = {\url{https://www.w3.org/Consortium/Member/List}},
    note            = {(Accessed: 21-01-2019)}
}

@misc{PWASM,
    author          = "Parity Technologies",
    title           = "A step-by-step tutorial on how to write contracts in {W}asm for {K}ovan",
    howpublished    = {\url{https://github.com/paritytech/pwasm-tutorial}},
    note            = {(Accessed: 21-01-2019)}
}

@misc{EWASMDOC,
    author          = "Ethereum Foundation",
    title           = "What is {E}thereum flavored {W}eb{A}ssembly (ewasm)?",
    howpublished    = {\url{https://ewasm.readthedocs.io/en/mkdocs/README/#what-is-ethereum-flavored-webassembly-ewasm}},
    note            = {(Accessed: 21-01-2019)}
}

@misc{REMIX,
    author          = "Ethereum Foundation",
    title           = "Remix, {E}thereum-{IDE} 1 documentation",
    howpublished    = {\url{https://remix.readthedocs.io/en/latest/}},
    note            = {(Accessed: 21-01-2019)}
}

@misc{MMSK,
    author          = "MetaMask",
    title           = "Meta{M}ask - {A}bout",
    howpublished    = {\url{https://metamask.io/}},
    note            = {(Accessed: 21-01-2019)}
}

@misc{RMXTST,
    author          = "Ethereum Foundation",
    title           = "Remix-{T}ests",
    howpublished    = {\url{https://github.com/ethereum/remix/tree/master/remix-tests}},
    note            = {(Accessed: 21-01-2019)}
}

@misc{ASC,
    author          = "Igor Korsakov",
    title           = "Awesome {S}mart {C}ontracts",
    howpublished    = {\url{https://github.com/Overtorment/awesome-smart-contracts}},
    note            = {(Accessed: 24/01/2019)}
}

@misc{pwasm-tut-node,
    author          = "Parity Technologies",
    title           = "A step-by-step tutorial on how to write contracts in {W}asm for {K}ovan - {R}un node and deploy contract",
    howpublished    = {\url{https://github.com/paritytech/pwasm-tutorial#run-node-and-deploy-contract}},
    note            = {(Accessed: 31/05/2019)}
}

@misc{pwasm-build-tools,
    author          = "Parity Technologies",
    title           = "wasm-utils",
    howpublished    = {\url{https://github.com/paritytech/wasm-utils#build-tools-for-cargo}},
    note            = {(Accessed: 31/02/2019)}
}

@misc{parity-technologies,
    author          = "Parity Technologies",
    title           = "Technologies",
    howpublished    = {\url{https://paritytech.github.io/technologies.html}},
    note            = {(Accessed: 07/06/2019)}
}

@misc{pwasm-ethereum,
    author          = "Parity Technologies",
    title           = "pwasm_ethereum - {R}ust",
    howpublished    = {\url{https://paritytech.github.io/pwasm-ethereum/pwasm_ethereum/}},
    note            = {(Accessed: 07/06/2019)}
}

@misc{pwasm-std,
    author          = "Parity Technologies",
    title           = "pwasm_std - {R}ust",
    howpublished    = {\url{https://paritytech.github.io/pwasm-ethereum/pwasm_std/}},
    note            = {(Accessed: 07/06/2019)}
}

@misc{pwasm-abi,
    author          = "Parity Technologies",
    title           = "pwasm_abi - {R}ust",
    howpublished    = {\url{https://paritytech.github.io/pwasm-abi/pwasm_abi/}},
    note            = {(Accessed: 07/06/2019)}
}

@misc{pwasm-test,
    author          = "Parity Technologies",
    title           = "pwasm-test",
    howpublished    = {\url{https://github.com/paritytech/pwasm-test}},
    note            = {(Accessed: 07/06/2019)}
}

@misc{pwasm-client-wasm,
    author          = "Parity Technologies",
    title           = "Web{A}ssembly ({W}asm) · {P}arity {T}ech {D}ocumentation",
    howpublished    = {\url{https://wiki.parity.io/WebAssembly-Home}},
    note            = {(Accessed: 07/06/2019)}
}

@misc{web3-intro,
    author          = "Ethereum Foundation",
    title           = "web3.js - {E}thereum {J}ava{S}cript {API} - web3.js 1.0.0 documentation",
    howpublished    = {\url{https://web3js.readthedocs.io/en/1.0/}},
    note            = {(Accessed: 07/06/2019)}
}

@misc{web3-py,
    author          = "Ethereum Foundation",
    title           = "{web3.py - Web3.py 4.9.2 documentation}",
    howpublished    = {\url{https://web3py.readthedocs.io/en/stable/}},
    note            = {(Accessed: 07/06/2019)}
}

@misc{yul,
    author          = "Ethereum Foundation",
    title           = "{Yul - Solidity 0.5.9 documentation}",
    howpublished    = {\url{https://solidity.readthedocs.io/en/v0.5.9/yul.html}},
    note            = {(Accessed: 11/06/2019)}
}

@misc{eth-usd,
    author          = "CoinGecko",
    title           = "{Ethereum USD Chart (ETH/USD) | CoinGecko}",
    howpublished    = {\url{https://www.coingecko.com/en/coins/ethereum/usd}},
    note            = {(Accessed: 13/06/2019)}
}

@misc{eth-known-attacks,
    author          = "ConsenSys Diligence",
    title           = "{Known Attacks - Ethereum Smart Contract Best Practices}",
    howpublished    = {\url{https://consensys.github.io/smart-contract-best-practices/known_attacks/#reentrancy-on-a-single-function}},
    note            = {(Accessed: 13/06/2019)}
}

@misc{lattice-model,
    author          = "Will Kenton",
    title           = "{Lattice-Based Model}",
    howpublished    = {\url{https://www.investopedia.com/terms/l/lattice-model.asp}},
    note            = {(Accessed: 13/06/2019)}
}

@misc{python,
    author          = "Python Software Foundation",
    title           = "{Welcome to Python.org}",
    howpublished    = {\url{https://www.python.org/}},
    note            = {(Accessed: 14/06/2019)}
}

@misc{chrome,
    author          = "Google Inc.",
    title           = "{Google Chrome - The Fast, Simple and Secure Browser from Google}",
    howpublished    = {\url{https://www.google.com/chrome/}},
    note            = {(Accessed: 14/06/2019)}
}

@misc{rust,
    author          = "Rust Team",
    title           = "{Rust Programming Language}",
    howpublished    = {\url{https://www.rust-lang.org/}},
    note            = {(Accessed: 14/06/2019)}
}

@misc{cargo,
    author          = "Rust Team",
    title           = "{Cargo: packages for Rust}",
    howpublished    = {\url{https://crates.io/}},
    note            = {(Accessed: 14/06/2019)}
}

@misc{yarn,
    author          = "Yarn Contributors",
    title           = "Yarn",
    howpublished    = {\url{https://yarnpkg.com/en/}},
    note            = {(Accessed: 14/06/2019)}
}

@misc{react,
    author          = "Facebook Inc.",
    title           = "{React - A JavaScript library for building user interfaces}",
    howpublished    = {\url{https://reactjs.org/}},
    note            = {(Accessed: 14/06/2019)}
}

@misc{webpack,
    author          = "JS Foundation",
    title           = "webpack",
    howpublished    = {\url{https://webpack.js.org/}},
    note            = {(Accessed: 14/06/2019)}
}

@misc{sass,
    author          = "Hampton Catlin and Natalie Weizenbaum and Chris Eppstein and Jina Anne and numerous contributors",
    title           = "{Sass: Syntactically Awesome Style Sheets}",
    howpublished    = {\url{https://sass-lang.com/}},
    note            = {(Accessed: 14/06/2019)}
}

@misc{babel,
    author          = "Babel",
    title           = "{Babel · The compiler for next generation JavaScript}",
    howpublished    = {\url{https://babeljs.io/}},
    note            = {(Accessed: 14/06/2019)}
}

@misc{browserify,
    author          = "Browserify",
    title           = "Browserify",
    howpublished    = {\url{http://browserify.org}},
    note            = {(Accessed: 14/06/2019)}
}

@misc{moment,
    author          = "Moment",
    title           = "{Moment.js | Home}",
    howpublished    = {\url{https://momentjs.com/}},
    note            = {(Accessed: 14/06/2019)}
}

@misc{mocha,
    author          = "JS Foundation",
    title           = "{Mocha - the fun, simple, flexible JavaScript test framework}",
    howpublished    = {\url{https://mochajs.org/}},
    note            = {(Accessed: 14/06/2019)}
}

@misc{w3c-standards,
    author          = "W3C",
    title           = "{Standards - {W3C}}",
    howpublished    = {\url{https://www.w3.org/standards/}},
    note            = {(Accessed: 54/06/2019)}
}